@misc{entry:1,
	author = {Counselling Service},
	institution = {IIT Kanpur},
	title = {Check List for Freshers},
	year = {2015},
}

@misc{entry:2,
	author = {Student Guides},
	institution = {IIT Kanpur},
	title = {List of other items for Freshers},
	year = {2015},
}

